<collection xmlns="http://www.loc.gov/MARC21/slim">
<record>
  <leader>01815nam0a2200361 i 450 </leader>
  <controlfield tag="001">IT\ICCU\CNCE\011871</controlfield>
  <controlfield tag="005">20071009000000.0</controlfield>
  <datafield tag="012" ind1=" " ind2=" ">
    <subfield code="a">.ib+ s.jA ocno vtpa (3) 1518 (R)</subfield>
    <subfield code="2">fei</subfield>
  </datafield>
  <datafield tag="100" ind1=" " ind2=" ">
    <subfield code="a">19970101d1518        0itac0103    ba</subfield>
  </datafield>
  <datafield tag="101" ind1=" " ind2=" ">
    <subfield code="a">LAT</subfield>
  </datafield>
  <datafield tag="102" ind1=" " ind2=" ">
    <subfield code="a">IT</subfield>
  </datafield>
  <datafield tag="200" ind1="1" ind2=" ">
    <subfield code="a">Psalmista secundum consuetudinem Romane Curie</subfield>
  </datafield>
  <datafield tag="210" ind1=" " ind2=" ">
    <subfield code="e">Impressum Venetiis</subfield>
    <subfield code="g">per Jacobum Pentium de Leuco</subfield>
    <subfield code="g">impensis Melchioris Sesse &amp; Petri de Rauanis</subfield>
    <subfield code="h">1518 die XXVI Maij</subfield>
  </datafield>
  <datafield tag="215" ind1=" " ind2=" ">
    <subfield code="a">\10!, 238 \i.e. 138! c.</subfield>
    <subfield code="d">8ʻ</subfield>
  </datafield>
  <datafield tag="500" ind1="1" ind2="0">
    <subfield code="3">IT\ICCU\CNCE\030347</subfield>
    <subfield code="a">Psalterium</subfield>
  </datafield>
  <datafield tag="620" ind1=" " ind2=" ">
    <subfield code="a">IT</subfield>
    <subfield code="d">Venezia</subfield>
  </datafield>
  <datafield tag="710" ind1="0" ind2="2">
    <subfield code="a">Chiesa cattolica</subfield>
    <subfield code="3">6731</subfield>
  </datafield>
  <datafield tag="712" ind1="0" ind2="0">
    <subfield code="a">Sessa, Melchiorre &lt;1.&gt; &amp; Ravani, Pietro</subfield>
    <subfield code="3">IT\ICCU\CNCT\000373</subfield>
    <subfield code="4">650</subfield>
  </datafield>
  <datafield tag="712" ind1="0" ind2="0">
    <subfield code="a">Penzio, Giacomo</subfield>
    <subfield code="3">IT\ICCU\CNCT\000345</subfield>
    <subfield code="4">650</subfield>
  </datafield>
  <datafield tag="791" ind1="0" ind2="0">
    <subfield code="a">Sessa, Marchio &amp; Serena, Piero da la</subfield>
    <subfield code="3">IT\ICCU\CNCT\005662</subfield>
    <subfield code="z">Sessa, Melchiorre &lt;1.&gt; &amp; Ravani, Pietro</subfield>
  </datafield>
  <datafield tag="791" ind1="0" ind2="0">
    <subfield code="a">Pencio, Giacomo</subfield>
    <subfield code="3">IT\ICCU\CNCT\002482</subfield>
    <subfield code="z">Penzio, Giacomo</subfield>
  </datafield>
  <datafield tag="791" ind1="0" ind2="2">
    <subfield code="a">Iacobus de Leuco</subfield>
    <subfield code="3">IT\ICCU\CNCT\002483</subfield>
    <subfield code="z">Penzio, Giacomo</subfield>
  </datafield>
  <datafield tag="791" ind1="0" ind2="0">
    <subfield code="a">Pentius, Iacobus</subfield>
    <subfield code="3">IT\ICCU\CNCT\002484</subfield>
    <subfield code="z">Penzio, Giacomo</subfield>
  </datafield>
  <datafield tag="791" ind1="0" ind2="2">
    <subfield code="a">Iacobo da Lecco</subfield>
    <subfield code="3">IT\ICCU\CNCT\002485</subfield>
    <subfield code="z">Penzio, Giacomo</subfield>
  </datafield>
  <datafield tag="791" ind1="0" ind2="0">
    <subfield code="a">Pencius, Iacobus</subfield>
    <subfield code="3">IT\ICCU\CNCT\005360</subfield>
    <subfield code="z">Penzio, Giacomo</subfield>
  </datafield>
  <datafield tag="791" ind1="0" ind2="0">
    <subfield code="a">Pentio, Iacomo</subfield>
    <subfield code="3">IT\ICCU\CNCT\005362</subfield>
    <subfield code="z">Penzio, Giacomo</subfield>
  </datafield>
  <datafield tag="791" ind1="0" ind2="0">
    <subfield code="a">Penzi, Iacomo di</subfield>
    <subfield code="3">IT\ICCU\CNCT\005364</subfield>
    <subfield code="z">Penzio, Giacomo</subfield>
  </datafield>
  <datafield tag="791" ind1="0" ind2="0">
    <subfield code="a">Penci, Iacobo de</subfield>
    <subfield code="3">IT\ICCU\CNCT\005366</subfield>
    <subfield code="z">Penzio, Giacomo</subfield>
  </datafield>
  <datafield tag="801" ind1=" " ind2="3">
    <subfield code="a">IT</subfield>
    <subfield code="b">ICCU</subfield>
    <subfield code="c">20201113</subfield>
  </datafield>
  <datafield tag="899" ind1=" " ind2=" ">
    <subfield code="a">Biblioteca comunale dell&apos;Archiginnasio. Bologna</subfield>
    <subfield code="1">BO0304</subfield>
    <subfield code="2">UBO GA</subfield>
  </datafield>
  <datafield tag="899" ind1=" " ind2=" ">
    <subfield code="a">Biblioteca statale. Lucca</subfield>
    <subfield code="1">LU0022</subfield>
    <subfield code="2">LUA BL</subfield>
  </datafield>
  <datafield tag="911" ind1=" " ind2=" ">
    <subfield code="a">nel coloph.</subfield>
    <subfield code="9">IT\ICCU\CNCM\000773</subfield>
  </datafield>
  <datafield tag="921" ind1=" " ind2=" ">
    <subfield code="a">IT\ICCU\CNCM\000773</subfield>
    <subfield code="b">Gatto con topo in bocca in cerchio sormontato da corona. Ai lati le iniziali M.S.</subfield>
    <subfield code="c">A78</subfield>
    <subfield code="c">K298</subfield>
    <subfield code="c">Z598</subfield>
    <subfield code="d">Dimensioni: 3,5 x 4</subfield>
    <subfield code="f">GATTO</subfield>
    <subfield code="f">TOPO</subfield>
    <subfield code="f">CORONA</subfield>
    <subfield code="g">1511-1533</subfield>
  </datafield>
</record>
</collection>
